@ARTICLE{2018arXiv180204208D,
   author = {{Donahue}, C. and {McAuley}, J. and {Puckette}, M.},
    title = "{Synthesizing Audio with Generative Adversarial Networks}",
  journal = {ArXiv e-prints},
archivePrefix = "arXiv",
   eprint = {1802.04208},
 primaryClass = "cs.SD",
 keywords = {Computer Science - Sound, Computer Science - Learning},
     year = 2018,
    month = feb,
   adsurl = {http://adsabs.harvard.edu/abs/2018arXiv180204208D},
  adsnote = {Provided by the SAO/NASA Astrophysics Data System}
}

@ARTICLE{2017arXiv170401279E,
   author = {{Engel}, J. and {Resnick}, C. and {Roberts}, A. and {Dieleman}, S. and 
	{Eck}, D. and {Simonyan}, K. and {Norouzi}, M.},
    title = "{Neural Audio Synthesis of Musical Notes with WaveNet Autoencoders}",
  journal = {ArXiv e-prints},
archivePrefix = "arXiv",
   eprint = {1704.01279},
 primaryClass = "cs.LG",
 keywords = {Computer Science - Learning, Computer Science - Artificial Intelligence, Computer Science - Sound},
     year = 2017,
    month = apr,
   adsurl = {http://adsabs.harvard.edu/abs/2017arXiv170401279E},
  adsnote = {Provided by the SAO/NASA Astrophysics Data System}
}

@ARTICLE{2014arXiv1406.2661G,
   author = {{Goodfellow}, I.~J. and {Pouget-Abadie}, J. and {Mirza}, M. and 
	{Xu}, B. and {Warde-Farley}, D. and {Ozair}, S. and {Courville}, A. and 
	{Bengio}, Y.},
    title = "{Generative Adversarial Networks}",
  journal = {ArXiv e-prints},
archivePrefix = "arXiv",
   eprint = {1406.2661},
 primaryClass = "stat.ML",
 keywords = {Statistics - Machine Learning, Computer Science - Learning},
     year = 2014,
    month = jun,
   adsurl = {http://adsabs.harvard.edu/abs/2014arXiv1406.2661G},
  adsnote = {Provided by the SAO/NASA Astrophysics Data System}
}

@ARTICLE{openai_blog_2017,
  author = {Andrej Karpathy and
  Pieter Abbeel and
  Greg Brockman and
  Peter Chen and
  Vicki Cheung and
  Rocky Duan and
  Ian GoodFellow and
  Durk Kingma and
  Jonathan Ho and
  Rein Houthooft and
  Tim Salimans and
  John Schulman and
  Ilya Sutskever and
  Wojciech Zaremba},
  title={Generative Models},
  url={https://blog.openai.com/generative-models/#going-forward},
  journal={OpenAI Blog},
  publisher={OpenAI Blog},
  year={2017},
  month={Nov}
}

@ARTICLE{2017arXiv170800598L,
   author = {{Lee}, M. and {Seok}, J.},
    title = "{Controllable Generative Adversarial Network}",
  journal = {ArXiv e-prints},
archivePrefix = "arXiv",
   eprint = {1708.00598},
 primaryClass = "cs.LG",
 keywords = {Computer Science - Learning, Computer Science - Computer Vision and Pattern Recognition, Statistics - Machine Learning},
     year = 2017,
    month = aug,
   adsurl = {http://adsabs.harvard.edu/abs/2017arXiv170800598L},
  adsnote = {Provided by the SAO/NASA Astrophysics Data System}
}

@ARTICLE{2014arXiv1411.1784M,
   author = {{Mirza}, M. and {Osindero}, S.},
    title = "{Conditional Generative Adversarial Nets}",
  journal = {ArXiv e-prints},
archivePrefix = "arXiv",
   eprint = {1411.1784},
 primaryClass = "cs.LG",
 keywords = {Computer Science - Learning, Computer Science - Artificial Intelligence, Computer Science - Computer Vision and Pattern Recognition, Statistics - Machine Learning},
     year = 2014,
    month = nov,
   adsurl = {http://adsabs.harvard.edu/abs/2014arXiv1411.1784M},
  adsnote = {Provided by the SAO/NASA Astrophysics Data System}
}

@article{DBLP:journals/corr/OordDZSVGKSK16,
  author    = {A{\"{a}}ron van den Oord and
               Sander Dieleman and
               Heiga Zen and
               Karen Simonyan and
               Oriol Vinyals and
               Alex Graves and
               Nal Kalchbrenner and
               Andrew W. Senior and
               Koray Kavukcuoglu},
  title     = {WaveNet: {A} Generative Model for Raw Audio},
  journal   = {CoRR},
  volume    = {abs/1609.03499},
  year      = {2016},
  url       = {http://arxiv.org/abs/1609.03499},
  archivePrefix = {arXiv},
  eprint    = {1609.03499},
  timestamp = {Wed, 07 Jun 2017 14:42:54 +0200},
  biburl    = {https://dblp.org/rec/bib/journals/corr/OordDZSVGKSK16},
  bibsource = {dblp computer science bibliography, https://dblp.org}
}

@ARTICLE{waveNetUrl,
  author    = {A{\"{a}}ron van den Oord and
               Sander Dieleman and
               Heiga Zen and
               Karen Simonyan and
               Oriol Vinyals and
               Alex Graves and
               Nal Kalchbrenner and
               Andrew W. Senior and
               Koray Kavukcuoglu},
  title={WaveNet: A Generative Model for Raw Audio},
  url={https://deepmind.com/blog/wavenet-generative-model-raw-audio/},
  year      = {2016}
}

@ARTICLE{2015arXiv151106434R,
   author = {{Radford}, A. and {Metz}, L. and {Chintala}, S.},
    title = "{Unsupervised Representation Learning with Deep Convolutional Generative Adversarial Networks}",
  journal = {ArXiv e-prints},
archivePrefix = "arXiv",
   eprint = {1511.06434},
 primaryClass = "cs.LG",
 keywords = {Computer Science - Learning, Computer Science - Computer Vision and Pattern Recognition},
     year = 2015,
    month = nov,
   adsurl = {http://adsabs.harvard.edu/abs/2015arXiv151106434R},
  adsnote = {Provided by the SAO/NASA Astrophysics Data System}
}

@ARTICLE{speechcommands,
  title={Speech Commands: A public dataset for single-word speech recognition.},
  author={Warden, Pete},
  journal={Dataset available from \url{http://download.tensorflow.org/data/speech_commands_v0.01.tar.gz}},
  year=2017
}

@misc{TensorFlowAPI,
  title = {TensorFlow API Documentation},
  howpublished = {\url{https://www.tensorflow.org/api_docs/}},
  note = {Accessed: 2018-04-08}
}