@ARTICLE{2017arXiv170201983A,
   author = {{Antipov}, G. and {Baccouche}, M. and {Dugelay}, J.-L.},
    title = "{Face Aging With Conditional Generative Adversarial Networks}",
  journal = {ArXiv e-prints},
archivePrefix = "arXiv",
   eprint = {1702.01983},
 primaryClass = "cs.CV",
 keywords = {Computer Science - Computer Vision and Pattern Recognition},
     year = 2017,
    month = feb,
   adsurl = {http://adsabs.harvard.edu/abs/2017arXiv170201983A},
  adsnote = {Provided by the SAO/NASA Astrophysics Data System}
}

@ARTICLE{2018arXiv180101973B,
   author = {{Barratt}, S. and {Sharma}, R.},
    title = "{A Note on the Inception Score}",
  journal = {ArXiv e-prints},
archivePrefix = "arXiv",
   eprint = {1801.01973},
 primaryClass = "stat.ML",
 keywords = {Statistics - Machine Learning, Computer Science - Learning},
     year = 2018,
    month = jan,
   adsurl = {http://adsabs.harvard.edu/abs/2018arXiv180101973B},
  adsnote = {Provided by the SAO/NASA Astrophysics Data System}
}

@ARTICLE{2018arXiv180204208D,
   author = {{Donahue}, C. and {McAuley}, J. and {Puckette}, M.},
    title = "{Synthesizing Audio with Generative Adversarial Networks}",
  journal = {ArXiv e-prints},
archivePrefix = "arXiv",
   eprint = {1802.04208},
 primaryClass = "cs.SD",
 keywords = {Computer Science - Sound, Computer Science - Learning},
     year = 2018,
    month = feb,
   adsurl = {http://adsabs.harvard.edu/abs/2018arXiv180204208D},
  adsnote = {Provided by the SAO/NASA Astrophysics Data System}
}

@ARTICLE{2017arXiv170401279E,
   author = {{Engel}, J. and {Resnick}, C. and {Roberts}, A. and {Dieleman}, S. and 
	{Eck}, D. and {Simonyan}, K. and {Norouzi}, M.},
    title = "{Neural Audio Synthesis of Musical Notes with WaveNet Autoencoders}",
  journal = {ArXiv e-prints},
archivePrefix = "arXiv",
   eprint = {1704.01279},
 primaryClass = "cs.LG",
 keywords = {Computer Science - Learning, Computer Science - Artificial Intelligence, Computer Science - Sound},
     year = 2017,
    month = apr,
   adsurl = {http://adsabs.harvard.edu/abs/2017arXiv170401279E},
  adsnote = {Provided by the SAO/NASA Astrophysics Data System}
}

@ARTICLE{2018arXiv180206840G,
   author = {{Gao}, Y. and {Singh}, R. and {Raj}, B.},
    title = "{Voice Impersonation using Generative Adversarial Networks}",
  journal = {ArXiv e-prints},
archivePrefix = "arXiv",
   eprint = {1802.06840},
 primaryClass = "cs.SD",
 keywords = {Computer Science - Sound, Electrical Engineering and Systems Science - Audio and Speech Processing},
     year = 2018,
    month = feb,
   adsurl = {http://adsabs.harvard.edu/abs/2018arXiv180206840G},
  adsnote = {Provided by the SAO/NASA Astrophysics Data System}
}

@ARTICLE{2017arXiv170100160G,
   author = {{Goodfellow}, I.},
    title = "{NIPS 2016 Tutorial: Generative Adversarial Networks}",
  journal = {ArXiv e-prints},
archivePrefix = "arXiv",
   eprint = {1701.00160},
 primaryClass = "cs.LG",
 keywords = {Computer Science - Learning},
     year = 2017,
    month = dec,
   adsurl = {http://adsabs.harvard.edu/abs/2017arXiv170100160G},
  adsnote = {Provided by the SAO/NASA Astrophysics Data System}
}

@ARTICLE{2014arXiv1406.2661G,
   author = {{Goodfellow}, I.~J. and {Pouget-Abadie}, J. and {Mirza}, M. and 
	{Xu}, B. and {Warde-Farley}, D. and {Ozair}, S. and {Courville}, A. and 
	{Bengio}, Y.},
    title = "{Generative Adversarial Networks}",
  journal = {ArXiv e-prints},
archivePrefix = "arXiv",
   eprint = {1406.2661},
 primaryClass = "stat.ML",
 keywords = {Statistics - Machine Learning, Computer Science - Learning},
     year = 2014,
    month = jun,
   adsurl = {http://adsabs.harvard.edu/abs/2014arXiv1406.2661G},
  adsnote = {Provided by the SAO/NASA Astrophysics Data System}
}

@ARTICLE{2017arXiv170400028G,
   author = {{Gulrajani}, I. and {Ahmed}, F. and {Arjovsky}, M. and {Dumoulin}, V. and 
	{Courville}, A.},
    title = "{Improved Training of Wasserstein GANs}",
  journal = {ArXiv e-prints},
archivePrefix = "arXiv",
   eprint = {1704.00028},
 primaryClass = "cs.LG",
 keywords = {Computer Science - Learning, Statistics - Machine Learning},
     year = 2017,
    month = mar,
   adsurl = {http://adsabs.harvard.edu/abs/2017arXiv170400028G},
  adsnote = {Provided by the SAO/NASA Astrophysics Data System}
}

@ARTICLE{openai_blog_2017,
  author = {Andrej Karpathy and
  Pieter Abbeel and
  Greg Brockman and
  Peter Chen and
  Vicki Cheung and
  Rocky Duan and
  Ian GoodFellow and
  Durk Kingma and
  Jonathan Ho and
  Rein Houthooft and
  Tim Salimans and
  John Schulman and
  Ilya Sutskever and
  Wojciech Zaremba},
  title={Generative Models},
  url={https://blog.openai.com/generative-models/#going-forward},
  journal={OpenAI Blog},
  publisher={OpenAI Blog},
  year={2017},
  month={Nov}
}

@ARTICLE{2017arXiv170800598L,
   author = {{Lee}, M. and {Seok}, J.},
    title = "{Controllable Generative Adversarial Network}",
  journal = {ArXiv e-prints},
archivePrefix = "arXiv",
   eprint = {1708.00598},
 primaryClass = "cs.LG",
 keywords = {Computer Science - Learning, Computer Science - Computer Vision and Pattern Recognition, Statistics - Machine Learning},
     year = 2017,
    month = aug,
   adsurl = {http://adsabs.harvard.edu/abs/2017arXiv170800598L},
  adsnote = {Provided by the SAO/NASA Astrophysics Data System}
}

@ARTICLE{2014arXiv1411.1784M,
   author = {{Mirza}, M. and {Osindero}, S.},
    title = "{Conditional Generative Adversarial Nets}",
  journal = {ArXiv e-prints},
archivePrefix = "arXiv",
   eprint = {1411.1784},
 primaryClass = "cs.LG",
 keywords = {Computer Science - Learning, Computer Science - Artificial Intelligence, Computer Science - Computer Vision and Pattern Recognition, Statistics - Machine Learning},
     year = 2014,
    month = nov,
   adsurl = {http://adsabs.harvard.edu/abs/2014arXiv1411.1784M},
  adsnote = {Provided by the SAO/NASA Astrophysics Data System}
}

@article{DBLP:journals/corr/OordDZSVGKSK16,
  author    = {A{\"{a}}ron van den Oord and
               Sander Dieleman and
               Heiga Zen and
               Karen Simonyan and
               Oriol Vinyals and
               Alex Graves and
               Nal Kalchbrenner and
               Andrew W. Senior and
               Koray Kavukcuoglu},
  title     = {WaveNet: {A} Generative Model for Raw Audio},
  journal   = {CoRR},
  volume    = {abs/1609.03499},
  year      = {2016},
  url       = {http://arxiv.org/abs/1609.03499},
  archivePrefix = {arXiv},
  eprint    = {1609.03499},
  timestamp = {Wed, 07 Jun 2017 14:42:54 +0200},
  biburl    = {https://dblp.org/rec/bib/journals/corr/OordDZSVGKSK16},
  bibsource = {dblp computer science bibliography, https://dblp.org}
}

@ARTICLE{2017arXiv171110433V,
   author = {{van den Oord}, A. and {Li}, Y. and {Babuschkin}, I. and {Simonyan}, K. and 
	{Vinyals}, O. and {Kavukcuoglu}, K. and {van den Driessche}, G. and 
	{Lockhart}, E. and {Cobo}, L.~C. and {Stimberg}, F. and {Casagrande}, N. and 
	{Grewe}, D. and {Noury}, S. and {Dieleman}, S. and {Elsen}, E. and 
	{Kalchbrenner}, N. and {Zen}, H. and {Graves}, A. and {King}, H. and 
	{Walters}, T. and {Belov}, D. and {Hassabis}, D.},
    title = "{Parallel WaveNet: Fast High-Fidelity Speech Synthesis}",
  journal = {ArXiv e-prints},
archivePrefix = "arXiv",
   eprint = {1711.10433},
 primaryClass = "cs.LG",
 keywords = {Computer Science - Learning},
     year = 2017,
    month = nov,
   adsurl = {http://adsabs.harvard.edu/abs/2017arXiv171110433V},
  adsnote = {Provided by the SAO/NASA Astrophysics Data System}
}

@ARTICLE{waveNetUrl,
  author    = {A{\"{a}}ron van den Oord and
               Sander Dieleman and
               Heiga Zen and
               Karen Simonyan and
               Oriol Vinyals and
               Alex Graves and
               Nal Kalchbrenner and
               Andrew W. Senior and
               Koray Kavukcuoglu},
  title={WaveNet: A Generative Model for Raw Audio},
  url={https://deepmind.com/blog/wavenet-generative-model-raw-audio/},
  year      = {2016}
}

@ARTICLE{2017arXiv170309452P,
   author = {{Pascual}, S. and {Bonafonte}, A. and {Serr{\`a}}, J.},
    title = "{SEGAN: Speech Enhancement Generative Adversarial Network}",
  journal = {ArXiv e-prints},
archivePrefix = "arXiv",
   eprint = {1703.09452},
 primaryClass = "cs.LG",
 keywords = {Computer Science - Learning, Computer Science - Neural and Evolutionary Computing, Computer Science - Sound},
     year = 2017,
    month = mar,
   adsurl = {http://adsabs.harvard.edu/abs/2017arXiv170309452P},
  adsnote = {Provided by the SAO/NASA Astrophysics Data System}
}

@ARTICLE{2015arXiv151106434R,
   author = {{Radford}, A. and {Metz}, L. and {Chintala}, S.},
    title = "{Unsupervised Representation Learning with Deep Convolutional Generative Adversarial Networks}",
  journal = {ArXiv e-prints},
archivePrefix = "arXiv",
   eprint = {1511.06434},
 primaryClass = "cs.LG",
 keywords = {Computer Science - Learning, Computer Science - Computer Vision and Pattern Recognition},
     year = 2015,
    month = nov,
   adsurl = {http://adsabs.harvard.edu/abs/2015arXiv151106434R},
  adsnote = {Provided by the SAO/NASA Astrophysics Data System}
}

@ARTICLE{2015arXiv151101844T,
   author = {{Theis}, L. and {van den Oord}, A. and {Bethge}, M.},
    title = "{A note on the evaluation of generative models}",
  journal = {ArXiv e-prints},
archivePrefix = "arXiv",
   eprint = {1511.01844},
 primaryClass = "stat.ML",
 keywords = {Statistics - Machine Learning, Computer Science - Learning},
     year = 2015,
    month = nov,
   adsurl = {http://adsabs.harvard.edu/abs/2015arXiv151101844T},
  adsnote = {Provided by the SAO/NASA Astrophysics Data System}
}

@ARTICLE{speechcommands,
  title={Speech Commands: A public dataset for single-word speech recognition.},
  author={Warden, Pete},
  journal={Dataset available from \url{http://download.tensorflow.org/data/speech_commands_v0.01.tar.gz}},
  year=2017
}

@misc{TensorFlowAPI,
  author = {Google},
  title = {TensorFlow API Documentation},
  howpublished = {\url{https://www.tensorflow.org/api_docs/}},
  note = {Accessed: 2018-04-08}
}

@misc{TensorFlowAPIOps,
  author = {Google},
  title = {TensorFlow API Documentation: Adding a New Op},
  howpublished = {\url{https://www.tensorflow.org/extend/adding_an_op}},
  note = {Accessed: 2018-04-10}
}